<?xml version="1.0" encoding="UTF-8"?><collection xmlns="http://www.loc.gov/MARC21/slim"><record><leader>00525nam--2200193-i-4500</leader><controlfield tag="001">000012525</controlfield><controlfield tag="002">20161230</controlfield><controlfield tag="005">20161230201029</controlfield><controlfield tag="008">060222s1000------------r-----000-0-rum-d</controlfield><datafield ind1=" " ind2=" " tag="040"><subfield code="a">IFIN-HH</subfield></datafield><datafield ind1=" " ind2=" " tag="041"><subfield code="a">rum</subfield></datafield><datafield ind1=" " ind2=" " tag="080"><subfield code="a">531:621.9</subfield></datafield><datafield ind1="1" ind2=" " tag="100"><subfield code="a">Boleantu, Lazar</subfield></datafield><datafield ind1=" " ind2=" " tag="245"><subfield code="a">Aplicatii ale mecanicii solidului deformabil in constructia de masini</subfield><subfield code="c">Lazar Boleantu, Ionel Dobre</subfield></datafield><datafield ind1=" " ind2=" " tag="260"><subfield code="a">Timisoara, Ed. Facla, 1978</subfield></datafield><datafield ind1=" " ind2=" " tag="300"><subfield code="a">265 P</subfield></datafield><datafield ind1=" " ind2=" " tag="700"><subfield code="a">Dobre, Ionel</subfield></datafield><datafield ind1=" " ind2=" " tag="852"><subfield code="a">45828</subfield><subfield code="c">531</subfield></datafield><datafield ind1=" " ind2=" " tag="CAT"><subfield code="a">Sys</subfield><subfield code="c">20100630</subfield><subfield code="h">090953</subfield></datafield></record></collection>